@inbook{inbook,
author = {Peters, R.H.},
year = {1983},
month = {01},
pages = {},
title = {The Ecological Implication of Body Size},
volume = {1-329},
journal = {The Ecological Implications of Body Size},
doi = {10.1017/CBO9780511608551}
}