
















@article{doi:10.1046/j.1420-9101.1993.6020304.x,
author = {Rose, Michael R. and Mueller, Laurence D.},
title = {Stearns, Stephen C., 1992. The Evolution of Life Histories. Oxford University Press, London xii + 249 pp., Â£16.95},
journal = {Journal of Evolutionary Biology},
volume = {6},
number = {2},
pages = {304-306},
doi = {10.1046/j.1420-9101.1993.6020304.x},
url = {https://onlinelibrary.wiley.com/doi/abs/10.1046/j.1420-9101.1993.6020304.x},
eprint = {https://onlinelibrary.wiley.com/doi/pdf/10.1046/j.1420-9101.1993.6020304.x},
year = {1993}
}

