
















@article{doi:10.1002/ajpa.1330690114,
author = {Jungers, William L.},
title = {Scaling. Why is animal size so important? By K. Schmidt-Nielsen. New York: Cambridge University Press. 1984. xi + 241 pp., figures, tables, appendices, references, index. \$29.95 (cloth), \$9.95 (paper)},
journal = {American Journal of Physical Anthropology},
volume = {69},
number = {1},
pages = {129-130},
doi = {10.1002/ajpa.1330690114},
url = {https://onlinelibrary.wiley.com/doi/abs/10.1002/ajpa.1330690114},
eprint = {https://onlinelibrary.wiley.com/doi/pdf/10.1002/ajpa.1330690114},
year = {1986}
}

