@article{GeoffreyB.West2001Agmf,
issn = {0028-0836},
journal = {Nature},
volume = {413},
publisher = {Nature Publishing Group},
number = {6856},
year = {2001},
title = {A general model for ontogenetic growth},
author = {Geoffrey B. West and James H. Brown and Brian J. Enquist},
keywords = {Growth ; Allometry ; Growth Rate ; Life History ; Modeling, Mathematics, Computer Applications ; Ontogeny ; Ontogeny;},
}

