





@article{doi:10.1086/401873,
author = {von Bertalanffy, Ludwig},
title = {Quantitative Laws in Metabolism and Growth},
journal = {The Quarterly Review of Biology},
volume = {32},
number = {3},
pages = {217-231},
year = {1957},
doi = {10.1086/401873},
    note ={PMID: 13485376},

URL = { 
        https://doi.org/10.1086/401873
    
},
eprint = { 
        https://doi.org/10.1086/401873
    
}

}


