/home/lvassor/Documents/bibtex_sync/CMEE_Thesis.bib