@article{20001449741,
author="Hemmingsen, AM",
title="Energy metabolism as related to body size and respiratory surface, and its evolution",
journal="Reports of the Steno Memorial Hospital (Copenhagen)",
ISSN="",
publisher="",
year="1960",
month="",
volume="13",
number="",
pages="1-110",
URL="https://ci.nii.ac.jp/naid/20001449741/en/",
DOI="",
}