





@article{doi:10.1139/f84-114,
author = {Roff, Derek A.},
title = {The Evolution of Life History Parameters in Teleosts},
journal = {Canadian Journal of Fisheries and Aquatic Sciences},
volume = {41},
number = {6},
pages = {989-1000},
year = {1984},
doi = {10.1139/f84-114},

URL = { 
        https://doi.org/10.1139/f84-114
    
},
eprint = { 
        https://doi.org/10.1139/f84-114
    
}

}


