@Article{PÃ¼tter1920,
author="P{\"u}tter, August",
title="Studien {\"u}ber physiologische {\"A}hnlichkeit VI. Wachstums{\"a}hnlichkeiten",
journal="Pfl{\"u}ger's Archiv f{\"u}r die gesamte Physiologie des Menschen und der Tiere",
year="1920",
month="Dec",
day="01",
volume="180",
number="1",
pages="298--340",
issn="1432-2013",
doi="10.1007/BF01755094",
url="https://doi.org/10.1007/BF01755094"
}

